@online{OS,
  author = {IDC},
  title = {Smartphone OS market share},
  note = {\url{https://www.idc.com/prodserv/smartphone-os-market-share.js}},
  year = {2016}    
}

@online{Symantec,
  author = {Symantec},
  title = {Internet Security Threat Report},
  note = {\url{https://www.symantec.com/content/dam/symantec/docs/reports/istr-21-2016-en.pdf}},
  year = {2016}
}
  
  
  
  
  
  

