@inproceedings{scaife2016cryptolock,
  title={CryptoLock (and Drop It): Stopping Ransomware Attacks on User Data},
  author={Scaife, Nolen and Carter, Henry and Traynor, Patrick and Butler, Kevin RB},
  booktitle={2016 IEEE 36th International Conference on Distributed Computing Systems (ICDCS)},
  pages={303--312},
  year={2016},
  organization={IEEE}, note = {\url{http://static1.squarespace.com/static/57353b7ecf80a15b05a72ec0/t/577330fd8419c2f1416e8f41/1467166976254/scaife-icdcs16.pdf}},
}

@article{song2016,
  title={The Effective Ransomware Prevention Technique Using Process
                  Monitoring on Android Platform},
  author={Song, Sanggeun and Kim, Bongjoon and Lee, Sangjun},
  journal={Mobile Information Systems},
  volume={2016},
  year={2016},
  publisher={Hindawi Publishing Corporation}, note = {\url{http://downloads.hindawi.com/journals/misy/2016/2946735.pdf}},
}

@article{lee2016cloudrps,
  title={{CloudRPS}: a cloud analysis based enhanced ransomware prevention system},
  author={Lee, Jeong Kyu and Moon, Seo Yeon and Park, Jong Hyuk},
  journal={The Journal of Supercomputing},
  pages={1--20},
  year={2016},
  publisher={Springer}
}

@inproceedings{mercaldo2016,
  title={Ransomware Steals Your Phone. Formal Methods Rescue It},
  author={Mercaldo, Francesco and Nardone, Vittoria and Santone, Antonella and Visaggio, Corrado Aaron},
  booktitle={International Conference on Formal Techniques for Distributed Objects, Components, and Systems},
  pages={212--221},
  year={2016},
  organization={Springer}, note = {\url{https://www.researchgate.net/profile/Antonella_Santone/publication/301564057_Ransomware_Steals_your_Phone_Formal_Methods_Rescue_it/links/571f0ddc08aefa648899ab23.pdf}},
}

@inproceedings{visaggio2016,
  title={Ransomware Steals Your Phone. Formal Methods Rescue It},
  author={Visaggio, Corrado Aaron},
  booktitle={Formal Techniques for Distributed Objects, Components, and Systems: 36th IFIP WG 6.1 International Conference, FORTE 2016, Held as Part of the 11th International Federated Conference on Distributed Computing Techniques, DisCoTec 2016, Heraklion, Crete, Greece, June 6-9, 2016, Proceedings},
  volume={9688},
  pages={212},
  year={2016},
  organization={Springer}
}
@MastersThesis{andronio2015,
  title={Heldroid: Fast and efficient linguistic based ransomware detection},
  author={ANDRONIO, NICOL{\`O}},
  year={2015},
  school =       {University of Illinois at Chicago, 2015},
  year =         {},
  OPTkey =       {},
  OPTtype =      {},
  OPTaddress =   {},
  OPTmonth =     {},
  OPTnote =      {},
  publisher={Italy},
  note = {\url{https://indigo.uic.edu/bitstream/handle/10027/19676/Andronio_Nicolo.pdf?sequence=1}},
  annote = {Defense committe: V.N. Venkatakrishnan, Chair and Advisor
                  Lenore Zuck, Stefano Zanero, Politecnico di Milano;
                  advisor Federico Maggi},

}

@inproceedings{scaife2016,
  title={CryptoLock (and Drop It): Stopping Ransomware Attacks on User Data},
  author={Scaife, Nolen and Carter, Henry and Traynor, Patrick and Butler, Kevin RB},
  booktitle={Distributed Computing Systems (ICDCS), 2016 IEEE 36th International Conference on},
  pages={303--312},
  year={2016},
  organization={IEEE}
}


@inproceedings{yang2015,
  title={Automated Detection and Analysis for Android Ransomware},
  author={Yang, Tianda and Yang, Yu and Qian, Kai and Lo, Dan Chia-Tien and Qian, Ying and Tao, Lixin},
  booktitle={High Performance Computing and Communications (HPCC), 2015 IEEE 7th International Symposium on Cyberspace Safety and Security (CSS), 2015 IEEE 12th International Conferen on Embedded Software and Systems (ICESS), 2015 IEEE 17th International Conference on},
  pages={1338--1343},
  year={2015},
  organization={IEEE}
}

@article{song2016,
  title={The Effective Ransomware Prevention Technique Using Process Monitoring on Android Platform},
  author={Song, Sanggeun and Kim, Bongjoon and Lee, Sangjun},
  journal={Mobile Information Systems},
  volume={2016},
  year={2016},
  publisher={Hindawi Publishing Corporation}
}

@inproceedings{agarwal2013,
  title={ProtectMyPrivacy: detecting and mitigating privacy leaks on iOS devices using crowdsourcing},
  author={Agarwal, Yuvraj and Hall, Malcolm},
  booktitle={Proceeding of the 11th annual international conference on Mobile systems, applications, and services},
  pages={97--110},
  year={2013},
  organization={ACM}
}


@TechReport{OS,
  author = {IDC},
  title = {OS market share of smartphones},
  institution = {https://www.idc.com/prodserv/smartphone-os-market-share.js},
  note = {\url{https://www.idc.com/prodserv/smartphone-os-market-share.js}},
  year = {2016}    
}

@online{Symantec,
  author = {Symantec},
  title = {Internet Security Threat Report},
  note = {\url{https://www.symantec.com/content/dam/symantec/docs/reports/istr-21-2016-en.pdf}},
  institute = {https://www.symantec.com/content/dam/symantec/docs/reports/istr-21-2016-en.pdf}
  year = {2016}
}


@TechReport{ID-Ransomware2016,
  author =       {Michael Gillespie},
  title =        {ID Ransomware Web Site},
  institution =  {https://id-ransomware.malwarehunterteam.com/},
  year =         {2016},
  OPTkey =       {},
  OPTtype =      {},
  OPTnumber =    {},
  OPTaddress =   {},
  OPTmonth =     {},
  note = {\url{https://id-ransomware.malwarehunterteam.com}, \url{http://malwarehunterteam.com/}},
  annote = {Seven Months Later, ID Ransomware Can Detect 238
                  Ransomware Families. ... The service has been
                  immensely useful, and according to Michael
                  Gillespie, the man that has put it together, [as of
                  Nov 2016] has received 158,577 submissions from
                  81,965 unique IPs. ;; Upload a ransom note and/or
                  sample encrypted file to identify the ransomware
                  that has encrypted your data.  {PM: Is this legit?}}
}

@TechReport{nomoreransom2016,
  author =       {Author Unknown},
  title =        {no more ransom! web site},
  institution =  {https://www.nomoreransom.org/},
  year =         {2016},
  OPTkey =       {},
  OPTtype =      {},
  OPTnumber =    {},
  OPTaddress =   {},
  OPTmonth =     {},
  note = {\url{{https://www.nomoreransom.org/},}},
  annote =    {If you have been infected with one of these types of ransomware click on the link under its name and it will lead you to a decryption tool.  {PM: Is this legit?}}
}
